<marc:record xmlns:marc="http://www.loc.gov/MARC21/slim"><marc:leader>02221nam a22002290a 45 0</marc:leader><marc:controlfield tag="001">307280</marc:controlfield><marc:controlfield tag="003">NL-AMISG</marc:controlfield><marc:controlfield tag="005">19970827111050.0</marc:controlfield><marc:controlfield tag="008">199708suuuuuuuune |||||||||||||||||dut d</marc:controlfield><marc:datafield ind1=" " ind2=" " tag="035"><marc:subfield code="a">(IISG)IISGb10048281</marc:subfield></marc:datafield><marc:datafield ind1=" " ind2=" " tag="040"><marc:subfield code="a">NL-AmISG</marc:subfield></marc:datafield><marc:datafield ind1="0" ind2=" " tag="041"><marc:subfield code="a">dut</marc:subfield></marc:datafield><marc:datafield ind1=" " ind2=" " tag="044"><marc:subfield code="a">ne</marc:subfield></marc:datafield><marc:datafield ind1="1" ind2="0" tag="245"><marc:subfield code="a">Arbeidersontwikkeling :</marc:subfield><marc:subfield code="b">rapport uitgebracht door de commissie ingesteld door S.D.A.P. en N.V.V. inzake het vraagstuk der arbeidersontwikkeling in Nederland.</marc:subfield></marc:datafield><marc:datafield ind1=" " ind2=" " tag="260"><marc:subfield code="a">Amsterdam :</marc:subfield><marc:subfield code="b">Ontwikkeling,</marc:subfield><marc:subfield code="c">1924.</marc:subfield></marc:datafield><marc:datafield ind1=" " ind2=" " tag="300"><marc:subfield code="a">107 p.</marc:subfield></marc:datafield><marc:datafield ind1=" " ind2=" " tag="690"><marc:subfield code="a">Bro N 713</marc:subfield><marc:subfield code="b">Netherlands; social movements; trade union movement; federations, workers' associations, "standsorganisaties"; Nederlands Verbond van Vakverenigingen; culture, art</marc:subfield><marc:subfield code="c">Nederland; sociale bewegingen; vakbeweging; organisaties; vakcentralen en werkliedenverenigingen, inclusief standsorganisaties; Nederlands Verbond van Vakverenigingen; kunst en cultuur.</marc:subfield></marc:datafield><marc:datafield ind1=" " ind2=" " tag="690"><marc:subfield code="a">Bro N 351</marc:subfield><marc:subfield code="b">Netherlands; party system; political parties, factions, organizations; socialist; Sociaal-Democratische Arbeiderspartij; art, culture, anthologies, collected songs</marc:subfield><marc:subfield code="c">Nederland; partijwezen; politieke partijen en groeperingen; socialistische en anarchistische partijen en groeperingen; Sociaal- Democratische Arbeiderspartij; kunst en cultuur, liederenbundels.</marc:subfield></marc:datafield><marc:datafield ind1=" " ind2=" " tag="690"><marc:subfield code="a">N 1355</marc:subfield><marc:subfield code="b">Netherlands; social history; after 1813; social movements; after 1870; political parties, factions; Sociaal-Democratische Arbeiders- Partij SDAP; reports</marc:subfield><marc:subfield code="c">Nederland; sociale geschiedenis; sinds 1813; de arbeidersbeweging na 1870; partijen en groeperingen, fracties; Sociaal-Democratische Arbeiders-Partij SDAP; rapporten.</marc:subfield></marc:datafield><marc:datafield ind1=" " ind2=" " tag="690"><marc:subfield code="a">N 1491</marc:subfield><marc:subfield code="b">Netherlands; social history; after 1813; trade union movement; trade union federations; socialist and communist; Nederlands Verbond van Vakverenigingen</marc:subfield><marc:subfield code="c">Nederland; sociale geschiedenis; sinds 1813; vakbeweging; de vakcentrales; socialistische en communistische; Nederlands Verbond van Vakverenigingen.</marc:subfield></marc:datafield><marc:datafield ind1=" " ind2=" " tag="690"><marc:subfield code="a">N 1649</marc:subfield><marc:subfield code="b">Netherlands; social history; after 1813; social policy, social law, social security; education; popular development, adult education centres, Mater Amabilis, etc</marc:subfield><marc:subfield code="c">Nederland; sociale geschiedenis; sinds 1813; sociale zorg; onderwijs; volksontwikkeling, volkshogeschool, Mater Amabilis enz.</marc:subfield></marc:datafield><marc:datafield ind1="2" ind2=" " tag="710"><marc:subfield code="a">SDAP.</marc:subfield></marc:datafield><marc:datafield ind1="2" ind2=" " tag="710"><marc:subfield code="a">NVV.</marc:subfield></marc:datafield><marc:datafield ind1=" " ind2=" " tag="852"><marc:subfield code="a">IISG</marc:subfield><marc:subfield code="b">IISG</marc:subfield><marc:subfield code="c">IISG</marc:subfield><marc:subfield code="j">221/77</marc:subfield><marc:subfield code="p">N10041604</marc:subfield><marc:subfield code="t">3</marc:subfield></marc:datafield><marc:datafield ind1=" " ind2=" " tag="852"><marc:subfield code="a">IISG</marc:subfield><marc:subfield code="b">IISG</marc:subfield><marc:subfield code="c">IISG</marc:subfield><marc:subfield code="j">233/177</marc:subfield><marc:subfield code="p">N10041601</marc:subfield><marc:subfield code="t">2</marc:subfield></marc:datafield><marc:datafield ind1=" " ind2=" " tag="852"><marc:subfield code="a">IISG</marc:subfield><marc:subfield code="b">IISG</marc:subfield><marc:subfield code="c">IISG</marc:subfield><marc:subfield code="j">N 1355/26</marc:subfield><marc:subfield code="p">N10047789</marc:subfield><marc:subfield code="t">1</marc:subfield></marc:datafield><marc:datafield ind1=" " ind2=" " tag="901"><marc:subfield code="a">307280</marc:subfield><marc:subfield code="b">Unknown</marc:subfield><marc:subfield code="c">307280</marc:subfield><marc:subfield code="t">biblio</marc:subfield></marc:datafield><marc:datafield ind1=" " ind2=" " tag="902"><marc:subfield code="a">10622/F8CEA456-E727-45B8-A307-5585A77A8AFA</marc:subfield></marc:datafield></marc:record>